<record><leader>00000cas a22000007a 4500</leader><controlfield tag="001">19680732</controlfield><controlfield tag="008">890509d19251928arucr ne      0    0eng d</controlfield><datafield ind1=" " ind2=" " tag="010"><subfield code="a">sn 89051200 </subfield></datafield><datafield ind1=" " ind2=" " tag="040"><subfield code="a">ANU</subfield><subfield code="b">eng</subfield><subfield code="c">ANU</subfield><subfield code="d">OCLCQ</subfield></datafield><datafield ind1=" " ind2=" " tag="042"><subfield code="a">msc</subfield></datafield><datafield ind1="0" ind2="4" tag="245"><subfield code="a">The McGehee semi-weekly times.</subfield></datafield><datafield ind1=" " ind2=" " tag="260"><subfield code="a">McGehee, Ark. :</subfield><subfield code="b">Stuart Print. Co.</subfield></datafield><datafield ind1=" " ind2=" " tag="300"><subfield code="a">v.</subfield></datafield><datafield ind1=" " ind2=" " tag="310"><subfield code="a">Semiweekly</subfield></datafield><datafield ind1="0" ind2=" " tag="362"><subfield code="a">Vol. 1, no. 1 (Apr. 21, 1925)-v. 4, no. 55 (Oct. 30, 1928).</subfield></datafield><datafield ind1=" " ind2=" " tag="752"><subfield code="a">United States</subfield><subfield code="b">Arkansas</subfield><subfield code="c">Desha</subfield><subfield code="d">McGehee.</subfield></datafield><datafield ind1="0" ind2="5" tag="780"><subfield code="t">Desha County journal</subfield><subfield code="w">(DLC)sn 89051202</subfield></datafield><datafield ind1="0" ind2="5" tag="780"><subfield code="t">Desha County news</subfield><subfield code="w">(DLC)sn 89051204</subfield></datafield><datafield ind1="0" ind2="0" tag="785"><subfield code="t">McGehee times</subfield><subfield code="w">(DLC)sn 89051201</subfield></datafield></record>